% phdthesis -----------------------------------------------
@phdthesis{Goeddeke:2010,
  added-at = {2018-07-20T10:54:53.000+0200},
  author = {G{\"o}ddeke, Dominik},
  interhash = {fe376bcc55a2319a8017ceeb2e375736},
  month = {May},
  school = {TU Dortmund},
  title = {Fast and accurate finite-element multigrid solvers for PDE simulations on GPU clusters},
  url = {https://eldorado.tu-dortmund.de/handle/2003/27243},
  year = {2010},
}
@phdthesis{Kilian:2001,
  address = {Berlin},
  author = {Kilian, Susanne},
  publisher = {Logos Verlag},
  school = {Universit{\"a}t Dortmund},
  title = {{\sc ScaRC}: Ein verallgemeinertes Gebietszerlegungs-Mehrgitterkonzept auf Parallelrechnern},
  year = {2001},
}
@phdthesis{Wobker:2010,
  author = {Wobker, H.},
  month = {March},
  school = {TU Dortmund},
  title = {Efficient Multilevel Solvers and High Performance Computing Techniques for the Finite Element Simulation of Large--Scale Elasticity Problems},
  url = {http://hdl.handle.net/2003/26998},
  year = {2010},
}
% inproceedings -----------------------------------------------
@inproceedings{Munch:2006:ISoC,
  address = {5001 Baum Boulevard, Suite 635, Pittsburgh PA 15213 - 1851},
  author = {M\"unch, M. and Schmidt, H. and Oevermann, M. and Klein, R.},
  booktitle = {Abstracts of Work-In-Progress Poster Presentations, Thirty-First International Symposium on Combustion, University of Heidelberg, Germany},
  month = {August},
  organization = {The Combustion Institute},
  pages = {174},
  title = {Numerical Investigation of the Baroclinic Torque in the Context of Smoke Spread},
  year = {2006},
}
% manual -----------------------------------------------
@manual{McGrattan:2009,
  author = {McGrattan, Kevin B. and Hostikka, Simo and Floyd, Jason and Baum, Howard R. and Rehm, Ronald G. and Mell, William and McDermott, Randall},
  edition = {5.2},
  month = {February},
  organization = {National Institute of Standards and Technology, Building and Fire Research Laboratory},
  title = {Fire Dynamics Simulator (Version 5) Technical Reference Guide, Volume 1: Mathematical Model},
  year = {2009},
}
@manual{McGrattan:2018:UG,
  author = {McGrattan, Kevin B. and Hostikka, Simo and McDermott, Randall and Floyd, Jason and Vanella, Marcos},
  edition = {6.7.0},
  month = {June},
  organization = {National Institute of Standards and Technology},
  title = {Fire Dynamics Simulator User's Guide},
  url = {http://dx.doi.org/10.6028/NIST.SP.1019},
  year = {2018},
}
@manual{McGrattan:2018:TG,
  author = {McGrattan, Kevin B. and Hostikka, Simo and McDermott, Randall and Floyd, Jason and Vanella, Marcos},
  edition = {6.7},
  month = {June},
  organization = {National Institute of Standards and Technology},
  title = {Fire Dynamics Simulator Technical Reference Guide Volume 1: Mathematical Model},
  year = {2018},
}
@manual{McGrattan:2018:VG,
  author = {McGrattan, Kevin B. and Hostikka, Simo and McDermott, Randall and Floyd, Jason and Vanella, Marcos},
  edition = {6.7},
  month = {June},
  organization = {National Institute of Standards and Technology},
  title = {Fire Dynamics Simulator Technical Reference Guide Volume 2: Verification},
  year = {2018},
}
% unpublished -----------------------------------------------
@unpublished{Kilian:1998,
  author = {Kilian, Susanne and Turek, Stefan},
  month = {June}, note = {Preprint, Universit{\"a}t Heidelberg},
  title = {An example for parallel {\sc ScaRC} and its application to the incompressible Navier-Stokes equations},
  year = {1998},
}
% misc -----------------------------------------------
@misc{FDS:WWW,
  title = {NIST Fire Dynamic Simulator (FDS) and Smokeview},
  url = {http://fire.nist.gov/fds},
}
@misc{Kilian:2008,
  author = {Kilian, Susanne},
  howpublished = {2. FDS-Usergroup Workshop, hhp-Berlin, Berlin},
  month = {December},
  title = {Iterative Gebietszerlegungskonzepte f\"ur den FDS-Druckl\"oser zur St\"arkung der globalen Kopplung},
  year = {2008},
}
@misc{Kilian:1997,
  author = {Kilian, Susanne and Turek, Stefan},
  text = {KILIAN, S., TUREK, S.: An example for parallel ScaRC and its application to the incompressible Navier-Stokes equations, Proc. ENUMATH-97, Heidelberg, October 1997.},
  title = {An example for parallel ScaRC and its application to the incompressible Navier-Stokes equations},
  url = {citeseer.ist.psu.edu/article/kilian97example.html},
  year = {1997},
}
@misc{Muench:2008:UG,
  author = {M\"unch, Matthias},
  howpublished = {2. FDS-Usergroup Workshop, hhp-Berlin, Berlin},
  month = {December},
  title = {Ist eine Gebietszerlegung in mehrere Gitter bei FDS-Simulationen zul\"assig?},
  year = {2008},
}
@misc{Rogsch:2008,
  author = {Rogsch, Christan},
  howpublished = {1. FDS-Usergroup Workshop, hhp-Berlin, Berlin},
  month = {March},
  title = {Parallelrechnung in der Praxis - Ist FDS5 wirklich besser als FDS4?},
  year = {2008},
}
@misc{Sweet::Crayfishpak,
  author = {Sweet, Roland, A.},
  title = {Crayfishpak: A vectorized Fortran package to solve Helmholtz equations},
}
% book -----------------------------------------------
@book{Axelsson:1998,
  address = {Orlando, Florida 32887},
  author = {Axelsson, O. and Barker, V. A.},
  isbn = {1483235777},
  publisher = {Academic Press},
  title = {Finite Element Solution of Boundary Value Problems. Theory and Computation},
  year = {1998},
}
@book{Dongarra:1998,
  address = {Philadelphia, PA, USA},
  author = {Dongarra, Jack J. and Duff, Lain S. and Sorensen, Danny C. and Vorst, Henk and Vander, A.},
  isbn = {0898714281},
  publisher = {Society for Industrial and Applied Mathematics},
  title = {Numerical Linear Algebra for High Performance Computers},
  year = {1998},
}
@book{Golub:1996,
  address = {Baltimore and London},
  author = {Golub, Gene H. and van Loan, Charles F.},
  publisher = {The John Hopkins University Press},
  title = {Matrix Computations},
  year = {1996},
}
@book{Hackbusch:1994,
  address = {New York},
  author = {Hackbusch, W.},
  isbn = {0-387-94064-2},
  note = {Translated and revised from the 1991 German original},
  pages = {xxii+429},
  publisher = {Springer-Verlag},
  series = {Applied Mathematical Sciences},
  title = {Iterative solution of large sparse systems of equations},
  volume = {95},
  year = {1994},
}
@book{Saad:2003,
  address = {Philadelphia, PA},
  author = {Saad, Y.},
  edition = {Second},
  isbn = {0-89871-534-2},
  pages = {xviii+528},
  publisher = {Society for Industrial and Applied Mathematics},
  title = {Iterative methods for sparse linear systems},
  year = {2003},
}
% article -----------------------------------------------
@article{Bramble:1991,
  author = {Bramble, J. H. and Pasciak, J. E. and Wang, J. and Xu, J.},
  journal = {Mathematics of Computation},
  note = {DOI: 10.2307/2938660},
  number = {159},
  pages = {1--21},
  publisher = {American Mathematical Society},
  title = {Convergence estimates for product iterative methods with applications to domain decompositions},
  url = {https://www.jstor.org/stable/2938660},
  volume = {57},
  year = {1991},
}
@article{Dongarra:2002,
  author = {Dongarra, Jack J.},
  journal = {Applications and Supercomputing},
  number = {16(1)},
  pages = {1--111},
  title = {Basic Linear Algebra Subprograms Technical Forum Standard, International Journal of High Performance},
  volume = {ACM Transactions on Mathematical Software},
  year = {2002},
}
@article{Klainerman:1982,
  author = {Klainerman, S. and Majda, A.J.},
  journal = {Comm. Pure Appl. Math.},
  pages = {629--653},
  title = {Compressible and Incompressible Fluids},
  volume = {35},
  year = {1982},
}
@article{Klein:1995,
  author = {Klein, Rupert},
  journal = {Journal of Computational Physics},
  pages = {213--237},
  title = {Semi-Implicit Extension of a Godunov-Type Scheme Based on Low Mach Number Asymptotics I: One-Dimensional Flow},
  volume = {121},
  year = {1995},
}
@article{Klein:2001,
  author = {Klein, Rupert and Botta, Nicola and Schneider, Thomas and Munz, Claus-Dieter and Roller, Sabine and Meister, Andreas and Hoffmann, L. and Sonar, Thomas},
  journal = {Journal of Engineering Mathematics},
  pages = {261--343},
  title = {Asymptotic adaptive methods for multi-scale problems in fluid mechanics},
  volume = {39},
  year = {2001},
}
@article{Munch:2008:EUSAS,
  author = {M\"unch, Matthias and Klein, Rupert},
  journal = {EUSAS-Journal},
  month = {July},
  organization = {European Society for Automatic Alarm Systems (EUSAS) e.V.},
  pages = {41--54},
  title = {Critical numerical aspects for field model applications},
  volume = {4},
  year = {2008},
}
@article{McKenney:1995,
  author = {McKenney, A. and Greengard, L. and Mayo, A.},
  journal = {Journal of Computational Physics},
  pages = {348--355},
  title = {A Fast Poisson Solver for Complex Geometries},
  volume = {118},
  year = {1995},
}
@article{Rehm:1978,
  author = {Rehm, Ronald G. and Baum, Howard R.},
  journal = {Journal of Research},
  number = {3},
  pages = {297--308},
  title = {The Equations of Motion for Thermally Driven Buoyant Flows},
  volume = {83},
  year = {1978},
}
@article{Schneider:1999,
  author = {Schneider, T. and Botta, N. and Geratz, K.J. and Klein, R.},
  journal = {Journal of Computational Physics},
  number = {2},
  pages = {248--286},
  title = {Extension of Finite Volume Compressible Flow Solvers to Multi-dimensional, Variable Density Zero Mach Number Flow},
  volume = {155},
  year = {1999},
}
@article{Schochet:2005,
  author = {Schochet, Steven},
  journal = {M2AN},
  note = {+DOI: 10.1051/m2an:2005017},
  number = {3},
  pages = {441--458},
  title = {The mathematical theory of low Mach number flows},
  volume = {39},
  year = {2005},
}
@article{Xu:1992,
  author = {Xu, Jinchao},
  issn = {0036-1445},
  journal = {SIAM Review. A Publication of the Society for Industrial and Applied Mathematics},
  number = {4},
  pages = {581--613},
  title = {Iterative methods by space decomposition and subspace correction},
  volume = {34},
  year = {1992},
}

% list of authors ------------------------------
% 1 Axelsson, O.
% 1 Barker, V. A.
% 2 Baum, Howard R.
% 1 Botta, N.
% 1 Botta, Nicola
% 1 Bramble, J. H.
% 2 Dongarra, Jack J.
% 1 Duff, Lain S.
% 4 Floyd, Jason
% 1 Geratz, K.J.
% 1 Golub, Gene H.
% 1 Greengard, L.
% 1 G{\"o}ddeke, Dominik
% 1 Hackbusch, W.
% 1 Hoffmann, L.
% 4 Hostikka, Simo
% 4 Kilian, Susanne
% 1 Klainerman, S.
% 2 Klein, R.
% 3 Klein, Rupert
% 1 M\"unch, M.
% 2 M\"unch, Matthias
% 1 Majda, A.J.
% 1 Mayo, A.
% 4 McDermott, Randall
% 4 McGrattan, Kevin B.
% 1 McKenney, A.
% 1 Meister, Andreas
% 1 Mell, William
% 1 Munz, Claus-Dieter
% 1 Oevermann, M.
% 1 Pasciak, J. E.
% 2 Rehm, Ronald G.
% 1 Rogsch, Christan
% 1 Roller, Sabine
% 1 Saad, Y.
% 1 Schmidt, H.
% 1 Schneider, T.
% 1 Schneider, Thomas
% 1 Schochet, Steven
% 1 Sonar, Thomas
% 1 Sorensen, Danny C.
% 1 Sweet, Roland, A.
% 2 Turek, Stefan
% 1 Vander, A.
% 3 Vanella, Marcos
% 1 Vorst, Henk
% 1 Wang, J.
% 1 Wobker, H.
% 1 Xu, J.
% 1 Xu, Jinchao
% 1 van Loan, Charles F.

% list of journals -----------------------------
% 1 Applications and Supercomputing
% 1 Comm. Pure Appl. Math.
% 1 EUSAS-Journal
% 1 Journal of Computational Physics
% 1 Journal of Engineering Mathematics
% 1 Journal of Research
% 1 M2AN
% 1 Mathematics of Computation
% 1 SIAM Review. A Publication of the Society for Industrial and Applied Mathematics

% list of titles -------------------------------
% 1 A Fast Poisson Solver for Complex Geometries
% 1 An example for parallel ScaRC and its application to the incompressible Navier-Stokes equations
% 1 An example for parallel {\sc ScaRC} and its application to the incompressible Navier-Stokes equations
% 1 Asymptotic adaptive methods for multi-scale problems in fluid mechanics
% 1 Basic Linear Algebra Subprograms Technical Forum Standard, International Journal of High Performance
% 1 Compressible and Incompressible Fluids
% 1 Convergence estimates for product iterative methods with applications to domain decompositions
% 1 Crayfishpak: A vectorized Fortran package to solve Helmholtz equations
% 1 Critical numerical aspects for field model applications
% 1 Efficient Multilevel Solvers and High Performance Computing Techniques for the Finite Element Simulation of Large--Scale Elasticity Problems
% 1 Extension of Finite Volume Compressible Flow Solvers to Multi-dimensional, Variable Density Zero Mach Number Flow
% 1 Fast and accurate finite-element multigrid solvers for PDE simulations on GPU clusters
% 1 Finite Element Solution of Boundary Value Problems. Theory and Computation
% 1 Fire Dynamics Simulator (Version 5) Technical Reference Guide, Volume 1: Mathematical Model
% 1 Fire Dynamics Simulator Technical Reference Guide Volume 1: Mathematical Model
% 1 Fire Dynamics Simulator Technical Reference Guide Volume 2: Verification
% 1 Fire Dynamics Simulator User’s Guide
% 1 Ist eine Gebietszerlegung in mehrere Gitter bei FDS-Simulationen zul\"assig?
% 1 Iterative Gebietszerlegungskonzepte f\"ur den FDS-Druckl\"oser zur St\"arkung der globalen Kopplung
% 1 Iterative methods by space decomposition and subspace correction
% 1 Iterative methods for sparse linear systems
% 1 Iterative solution of large sparse systems of equations
% 1 Matrix Computations
% 1 NIST Fire Dynamic Simulator (FDS) and Smokeview
% 1 Numerical Investigation of the Baroclinic Torque in the Context of Smoke Spread
% 1 Numerical Linear Algebra for High Performance Computers
% 1 Parallelrechnung in der Praxis - Ist FDS5 wirklich besser als FDS4?
% 1 Semi-Implicit Extension of a Godunov-Type Scheme Based on Low Mach Number Asymptotics I: One-Dimensional Flow
% 1 The Equations of Motion for Thermally Driven Buoyant Flows
% 1 The mathematical theory of low Mach number flows
% 1 {\sc ScaRC}: Ein verallgemeinertes Gebietszerlegungs-Mehrgitterkonzept auf Parallelrechnern

% list of book titles --------------------------
% 1 Abstracts of Work-In-Progress Poster Presentations, Thirty-First International Symposium on Combustion, University of Heidelberg, Germany

% list of years --------------------------------
% 1 1978
% 1 1982
% 1 1991
% 1 1992
% 1 1994
% 1 1995
% 1 1996
% 1 1997
% 1 1998
% 1 1999
% 1 2001
% 1 2002
% 1 2003
% 1 2005
% 1 2006
% 1 2008
% 1 2009
% 1 2010
% 1 2018

% list of organizations ------------------------
% 1 European Society for Automatic Alarm Systems (EUSAS) e.V.
% 1 National Institute of Standards and Technology
% 1 National Institute of Standards and Technology, Building and Fire Research Laboratory
% 1 The Combustion Institute
